
@misc{clipDrawPaper,
  doi = {10.48550/ARXIV.2106.14843},
  
  url = {https://arxiv.org/abs/2106.14843},
  
  author = {Frans, Kevin and Soros, L. B. and Witkowski, Olaf},
  
  keywords = {Computer Vision and Pattern Recognition (cs.CV), FOS: Computer and information sciences, FOS: Computer and information sciences},
  
  title = {CLIPDraw: Exploring Text-to-Drawing Synthesis through Language-Image Encoders},
  
  publisher = {arXiv},
  
  year = {2021},
  
  copyright = {arXiv.org perpetual, non-exclusive license}
}

@misc{glidePaper,
  doi = {10.48550/ARXIV.2112.10741},
  
  url = {https://arxiv.org/abs/2112.10741},
  
  author = {Nichol, Alex and Dhariwal, Prafulla and Ramesh, Aditya and Shyam, Pranav and Mishkin, Pamela and McGrew, Bob and Sutskever, Ilya and Chen, Mark},
  
  keywords = {Computer Vision and Pattern Recognition (cs.CV), Graphics (cs.GR), Machine Learning (cs.LG), FOS: Computer and information sciences, FOS: Computer and information sciences},
  
  title = {GLIDE: Towards Photorealistic Image Generation and Editing with Text-Guided Diffusion Models},
  
  publisher = {arXiv},
  
  year = {2021},
  
  copyright = {arXiv.org perpetual, non-exclusive license}
}

@InProceedings{El-Nouby_2019_ICCV,
author = {El-Nouby, Alaaeldin and Sharma, Shikhar and Schulz, Hannes and Hjelm, Devon and Asri, Layla El and Kahou, Samira Ebrahimi and Bengio, Yoshua and Taylor, Graham W.},
title = {Tell, Draw, and Repeat: Generating and Modifying Images Based on Continual Linguistic Instruction},
booktitle = {Proceedings of the IEEE/CVF International Conference on Computer Vision (ICCV)},
month = {October},
year = {2019}
}

@inproceedings{scones,
author = {Huang, Forrest and Schoop, Eldon and Ha, David and Canny, John},
title = {Scones: Towards Conversational Authoring of Sketches},
year = {2020},
isbn = {9781450371186},
publisher = {Association for Computing Machinery},
address = {New York, NY, USA},
url = {https://doi.org/10.1145/3377325.3377485},
doi = {10.1145/3377325.3377485},
booktitle = {Proceedings of the 25th International Conference on Intelligent User Interfaces},
pages = {313–323},
numpages = {11},
keywords = {generative models, chatbot, sketching, neural networks, critique},
location = {Cagliari, Italy},
series = {IUI '20}
}

@misc{CoDraw,
doi = {10.48550/ARXIV.1712.05558},
url = {https://arxiv.org/abs/1712.05558},
author = {Kim, Jin-Hwa and Kitaev, Nikita and Chen, Xinlei and Rohrbach, Marcus and Zhang, Byoung-Tak and Tian, Yuandong and Batra, Dhruv and Parikh, Devi},
keywords = {Computer Vision and Pattern Recognition (cs.CV), Artificial Intelligence (cs.AI), Computation and Language (cs.CL), Machine Learning (cs.LG), FOS: Computer and information sciences, FOS: Computer and information sciences},
title = {CoDraw: Collaborative Drawing as a Testbed for Grounded Goal-driven Communication},
publisher = {arXiv},
year = {2017},
copyright = {arXiv.org perpetual, non-exclusive license}
}

% \bibitem{c1} G. O. Young, ÒSynthetic structure of industrial plastics (Book style with paper title and editor),Ó 	in Plastics, 2nd ed. vol. 3, J. Peters, Ed.  New York: McGraw-Hill, 1964, pp. 15Ð64.
% \bibitem{c2} W.-K. Chen, Linear Networks and Systems (Book style).	Belmont, CA: Wadsworth, 1993, pp. 123Ð135.
% \bibitem{c3} H. Poor, An Introduction to Signal Detection and Estimation.   New York: Springer-Verlag, 1985, ch. 4.
% \bibitem{c4} B. Smith, ÒAn approach to graphs of linear forms (Unpublished work style),Ó unpublished.
% \bibitem{c5} E. H. Miller, ÒA note on reflector arrays (Periodical styleÑAccepted for publication),Ó IEEE Trans. Antennas Propagat., to be publised.
% \bibitem{c6} J. Wang, ÒFundamentals of erbium-doped fiber amplifiers arrays (Periodical styleÑSubmitted for publication),Ó IEEE J. Quantum Electron., submitted for publication.
% \bibitem{c7} C. J. Kaufman, Rocky Mountain Research Lab., Boulder, CO, private communication, May 1995.
% \bibitem{c8} Y. Yorozu, M. Hirano, K. Oka, and Y. Tagawa, ÒElectron spectroscopy studies on magneto-optical media and plastic substrate interfaces(Translation Journals style),Ó IEEE Transl. J. Magn.Jpn., vol. 2, Aug. 1987, pp. 740Ð741 [Dig. 9th Annu. Conf. Magnetics Japan, 1982, p. 301].
% \bibitem{c9} M. Young, The Techincal Writers Handbook.  Mill Valley, CA: University Science, 1989.
% \bibitem{c10} J. U. Duncombe, ÒInfrared navigationÑPart I: An assessment of feasibility (Periodical style),Ó IEEE Trans. Electron Devices, vol. ED-11, pp. 34Ð39, Jan. 1959.
% \bibitem{c11} S. Chen, B. Mulgrew, and P. M. Grant, ÒA clustering technique for digital communications channel equalization using radial basis function networks,Ó IEEE Trans. Neural Networks, vol. 4, pp. 570Ð578, July 1993.
% \bibitem{c12} R. W. Lucky, ÒAutomatic equalization for digital communication,Ó Bell Syst. Tech. J., vol. 44, no. 4, pp. 547Ð588, Apr. 1965.
% \bibitem{c13} S. P. Bingulac, ÒOn the compatibility of adaptive controllers (Published Conference Proceedings style),Ó in Proc. 4th Annu. Allerton Conf. Circuits and Systems Theory, New York, 1994, pp. 8Ð16.
% \bibitem{c14} G. R. Faulhaber, ÒDesign of service systems with priority reservation,Ó in Conf. Rec. 1995 IEEE Int. Conf. Communications, pp. 3Ð8.
% \bibitem{c15} W. D. Doyle, ÒMagnetization reversal in films with biaxial anisotropy,Ó in 1987 Proc. INTERMAG Conf., pp. 2.2-1Ð2.2-6.
% \bibitem{c16} G. W. Juette and L. E. Zeffanella, ÒRadio noise currents n short sections on bundle conductors (Presented Conference Paper style),Ó presented at the IEEE Summer power Meeting, Dallas, TX, June 22Ð27, 1990, Paper 90 SM 690-0 PWRS.
% \bibitem{c17} J. G. Kreifeldt, ÒAn analysis of surface-detected EMG as an amplitude-modulated noise,Ó presented at the 1989 Int. Conf. Medicine and Biological Engineering, Chicago, IL.
% \bibitem{c18} J. Williams, ÒNarrow-band analyzer (Thesis or Dissertation style),Ó Ph.D. dissertation, Dept. Elect. Eng., Harvard Univ., Cambridge, MA, 1993. 
% \bibitem{c19} N. Kawasaki, ÒParametric study of thermal and chemical nonequilibrium nozzle flow,Ó M.S. thesis, Dept. Electron. Eng., Osaka Univ., Osaka, Japan, 1993.
% \bibitem{c20} J. P. Wilkinson, ÒNonlinear resonant circuit devices (Patent style),Ó U.S. Patent 3 624 12, July 16, 1990. 


